[gd_scene load_steps=9 format=2]

[ext_resource path="res://Content/Textures/White_16.png" type="Texture" id=1]
[ext_resource path="res://Content/Textures/MG12mm_Destroyed.png" type="Texture" id=2]
[ext_resource path="res://Content/Sounds/23mm.wav" type="AudioStream" id=3]
[ext_resource path="res://Content/Textures/MG12mm_Base..png" type="Texture" id=4]
[ext_resource path="res://Game/Common/Vehicles/Components/Guns/MyTurret.tscn" type="PackedScene" id=5]
[ext_resource path="res://Content/Shaders/RecolorShader.shader" type="Shader" id=6]

[sub_resource type="ShaderMaterial" id=1]
shader = ExtResource( 6 )
shader_param/Tolerance = 0.1
shader_param/ColorAlpha = Color( 1, 1, 1, 1 )
shader_param/Texture = ExtResource( 4 )

[sub_resource type="RectangleShape2D" id=2]
extents = Vector2( 7, 1 )

[node name="My23mmTurret" instance=ExtResource( 5 )]
MaxHeal = 200
ExplosionChancePerDamage = 0.3
BaseTexture = ExtResource( 4 )
DamagedTexture = ExtResource( 4 )
DestroyedTexture = ExtResource( 2 )
GunDamage = 50
AmmoCount = 200
RateOfFire = 650.0
AngleOfDispertion = 2.0
AmmoScale = 1.3

[node name="Sprite" parent="." index="2"]
material = SubResource( 1 )
position = Vector2( 3, -1 )
texture = ExtResource( 1 )

[node name="CollisionShape" parent="." index="3"]
visible = false
position = Vector2( 4, -1 )
shape = SubResource( 2 )

[node name="Muzzle" parent="." index="4"]
position = Vector2( 11, -1.5 )

[node name="AudioStreamPlayer2D" parent="." index="5"]
stream = ExtResource( 3 )
