[gd_scene load_steps=9 format=2]

[ext_resource path="res://Game/Common/Vehicles/Planes/MyPlane.tscn" type="PackedScene" id=1]
[ext_resource path="res://Game/Common/Vehicles/Components/Engines/MyEngineComponent.tscn" type="PackedScene" id=2]
[ext_resource path="res://Game/Common/Vehicles/Components/Guns/MachinGuns/My12mmGun.tscn" type="PackedScene" id=3]
[ext_resource path="res://Game/Common/Vehicles/Components/Bodies/MySmallBodyComponent.tscn" type="PackedScene" id=4]
[ext_resource path="res://Game/Common/Vehicles/Components/Pilots/MyPilotComponent.tscn" type="PackedScene" id=5]
[ext_resource path="res://Game/Common/Vehicles/Components/Tails/MySmallTailComponent.tscn" type="PackedScene" id=6]
[ext_resource path="res://Game/Common/Vehicles/Components/Wings/MySmallWingComponent.tscn" type="PackedScene" id=7]

[sub_resource type="RectangleShape2D" id=1]
extents = Vector2( 31, 15 )

[node name="KinematicBody2D" instance=ExtResource( 1 )]
EngineThrust = 6.5
AirResistance = 0.024
WingLift = 0.5
MaxAltitude = 800.0
SecondaryGunType = 1

[node name="LandingGearRear" parent="." index="1"]
position = Vector2( -35, 3 )

[node name="LandingGearFront" parent="." index="2"]
position = Vector2( 1, 9 )

[node name="StaticBody2D" parent="." index="3"]
position = Vector2( -15, -1 )

[node name="CollisionShape2D" parent="StaticBody2D" index="0"]
shape = SubResource( 1 )

[node name="StallEmitter" parent="." index="14"]
position = Vector2( -3.99999, 3 )

[node name="MyEngine" parent="." index="15" instance=ExtResource( 2 )]
position = Vector2( 8, -2 )

[node name="MG12" parent="." index="16" instance=ExtResource( 3 )]
position = Vector2( 6, -8 )
ExplosionRadius = 10
ComponentType = 7

[node name="MG122" parent="." index="17" instance=ExtResource( 3 )]
position = Vector2( 6, -8 )
ExplosionRadius = 10
ComponentType = 6

[node name="MyPilot" parent="." index="18" instance=ExtResource( 5 )]
position = Vector2( -5, -2 )
rotation = -0.0872664

[node name="MySmallBody" parent="." index="19" instance=ExtResource( 4 )]
position = Vector2( -16, 0 )

[node name="MySmallTail" parent="." index="20" instance=ExtResource( 6 )]
position = Vector2( -38, -8 )
DestroyedTexture = null
ToDestroyOnDestroyed = [ NodePath("../LandingGearRear") ]
HideOnDestroy = true

[node name="MySmallWing" parent="." index="21" instance=ExtResource( 7 )]
position = Vector2( -6, -14 )
HideOnDestroy = true

[node name="MySmallWing2" parent="." index="22" instance=ExtResource( 7 )]
position = Vector2( -6, 2 )
